@article{Fla-Iss-Rus-2017,
    author={Franco Flandoli and Elena Issoglio and Francesco Russo },
    title={Multidimensional stochastic differential equations with 
    distributional drift. },
    doi={10.1090/tran/6729 },
    journal={Transactions of the American Mathematical Society },
    year={2017 },
    month={3},
    volume={369 (3) },
    pages={1655--1688},
}

@article{Iss-Rus-2200,
    author={Elena Issoglio and Francesco Russo },
    title={On a class of {Markov} {BSDE}s with generalized driver },
    year={submitted},
    note={arXiv:1805.02466v1},
}

@article{Leo-Szo,
    author={Gunther Leobacher and Michaela Szölgyenyi},
title={Convergence of the {E}uler–{M}aruyama method for multidimensional {SDE}s with discontinuous drift and degenerate diffusion coefficient},
year={preprint},
note={arXiv:1610.07047v5},
} 

@article{Yan,
    author={Liqing Yan},
    title={The {E}uler {S}cheme with {I}rregular {C}oefficients.},
    journal={The Annals of Probability},
    year={2002},
    number = {3},
    month={7},
    volume={30},
    pages={1172-1194},
} 

@book{Tri-fun,
    author={Hans Triebel},
    title={Theory of Function Spaces II},
    publisher={Birkhäuser Basel},
    pages={372},
    year={1992},
} 

@book{Tri-fab,
    author={Hans Triebel},
    title={Faber systems and their use in sampling, discrepancy, numerical integration},
    publisher={European Mathematical Society},
    pages={106},
    year={2012},
} 

@book{Tri-bas,
    author={Hans Triebel},
    title={Bases in function spaces, sampling, discrepancy, numerical integration},
    publisher={European Mathematical Society},
    pages={296},
    year={2010},
} 




